<record><leader>00000cas a2200000 a 4500</leader><controlfield tag="001">14984180</controlfield><controlfield tag="008">861217d18291830pauwr ne      0    0eng c</controlfield><datafield ind1=" " ind2=" " tag="010"><subfield code="a">sn 86054026 </subfield></datafield><datafield ind1=" " ind2=" " tag="040"><subfield code="a">NPX</subfield><subfield code="b">eng</subfield><subfield code="c">NPX</subfield><subfield code="d">DLC</subfield><subfield code="d">CVF</subfield><subfield code="d">OCLCQ</subfield><subfield code="d">OCLCF</subfield><subfield code="d">OCLCO</subfield></datafield><datafield ind1="1" ind2=" " tag="029"><subfield code="a">AU@</subfield><subfield code="b">000025799253</subfield></datafield><datafield ind1=" " ind2=" " tag="042"><subfield code="a">pcc</subfield></datafield><datafield ind1=" " ind2=" " tag="043"><subfield code="a">n-us-pa</subfield></datafield><datafield ind1="0" ind2="0" tag="050"><subfield code="a">Newspaper 9628</subfield></datafield><datafield ind1="0" ind2="4" tag="245"><subfield code="a">The Village record, or Chester, Delaware and Montgomery advertiser.</subfield></datafield><datafield ind1="3" ind2="0" tag="246"><subfield code="a">Chester, Delaware and Montgomery advertiser</subfield></datafield><datafield ind1="1" ind2="3" tag="246"><subfield code="a">Village record</subfield></datafield><datafield ind1=" " ind2=" " tag="260"><subfield code="a">West-Chester, Pa. :</subfield><subfield code="b">Asher &amp; Charles Miner,</subfield><subfield code="c">1829-1830.</subfield></datafield><datafield ind1=" " ind2=" " tag="300"><subfield code="a">1 v. :</subfield><subfield code="b">ill. (chiefly advertisemnts) ;</subfield><subfield code="c">54 cm.</subfield></datafield><datafield ind1=" " ind2=" " tag="310"><subfield code="a">Weekly</subfield></datafield><datafield ind1="0" ind2=" " tag="362"><subfield code="a">Vol. 12, whole no. 597 (Jan. 7, 1829)-v. 13, whole no. 656 (Feb. 24, 1830) = new ser., v. 4, no. 28-new ser., v. 5, no. 35.</subfield></datafield><datafield ind1=" " ind2="0" tag="651"><subfield code="a">West Chester (Pa.)</subfield><subfield code="v">Newspapers.</subfield></datafield><datafield ind1=" " ind2="0" tag="651"><subfield code="a">Chester County (Pa.)</subfield><subfield code="v">Newspapers.</subfield></datafield><datafield ind1=" " ind2="7" tag="655"><subfield code="a">Newspapers.</subfield><subfield code="2">fast</subfield><subfield code="0">(OCoLC)fst01423814</subfield></datafield><datafield ind1=" " ind2="7" tag="651"><subfield code="a">Pennsylvania</subfield><subfield code="z">Chester County.</subfield><subfield code="2">fast</subfield><subfield code="0">(OCoLC)fst01206006</subfield></datafield><datafield ind1=" " ind2="7" tag="651"><subfield code="a">Pennsylvania</subfield><subfield code="z">West Chester.</subfield><subfield code="2">fast</subfield><subfield code="0">(OCoLC)fst01202764</subfield></datafield><datafield ind1=" " ind2=" " tag="752"><subfield code="a">United States</subfield><subfield code="b">Pennsylvania</subfield><subfield code="c">Chester</subfield><subfield code="d">West Chester.</subfield></datafield><datafield ind1="0" ind2="0" tag="780"><subfield code="t">Village record, or Chester and Delaware Federalist</subfield><subfield code="w">(DLC)sn 84026658</subfield></datafield><datafield ind1="0" ind2="0" tag="785"><subfield code="t">Village record, and general advertiser</subfield><subfield code="w">(DLC)sn 85054087</subfield></datafield></record>